% !Mode:: "TeX:UTF-8"
@article{lamport1986latex,
  title={LaTEX: User's Guide \& Reference Manual},
  author={Lamport, Leslie},
  year={1986},
  publisher={Addison-Wesley}
}